<record><leader>00000cas a22000007a 4500</leader><controlfield tag="001">14209742</controlfield><controlfield tag="008">860912d18981913iaudn ne      0    0eng d</controlfield><datafield ind1=" " ind2=" " tag="010"><subfield code="a">sn 86060168 </subfield></datafield><datafield ind1=" " ind2=" " tag="040"><subfield code="a">INP</subfield><subfield code="b">eng</subfield><subfield code="c">INP</subfield><subfield code="d">OCLCQ</subfield></datafield><datafield ind1=" " ind2=" " tag="042"><subfield code="a">msc</subfield></datafield><datafield ind1="0" ind2=" " tag="130"><subfield code="a">Evening journal (Mount Pleasant, Iowa : 1898)</subfield></datafield><datafield ind1="1" ind2="0" tag="245"><subfield code="a">Evening journal.</subfield></datafield><datafield ind1="3" ind2="0" tag="246"><subfield code="a">Mount Pleasant journal</subfield></datafield><datafield ind1="1" ind2="3" tag="246"><subfield code="a">Daily journal</subfield><subfield code="f">Dec. 13-Dec. 14, 1898</subfield></datafield><datafield ind1="1" ind2="3" tag="246"><subfield code="a">Mt. Pleasant journal</subfield><subfield code="f">Jan. 6-Oct. 23, 1899</subfield></datafield><datafield ind1=" " ind2=" " tag="260"><subfield code="a">Mount Pleasant, Iowa :</subfield><subfield code="b">[s.n.],</subfield><subfield code="c">1898-</subfield></datafield><datafield ind1=" " ind2=" " tag="300"><subfield code="a">v. :</subfield><subfield code="b">ill.</subfield></datafield><datafield ind1=" " ind2=" " tag="310"><subfield code="a">Daily (except Sunday)</subfield></datafield><datafield ind1="0" ind2=" " tag="362"><subfield code="a">Vol. 1, no. 1 (Dec. 12, 1898)-</subfield></datafield><datafield ind1="1" ind2=" " tag="362"><subfield code="a">Ceased in Feb. 1913.</subfield><subfield code="z">Cf. Bibl. of Iowa newspapers.</subfield></datafield><datafield ind1=" " ind2=" " tag="500"><subfield code="a">Publisher varies.</subfield></datafield><datafield ind1=" " ind2=" " tag="500"><subfield code="a">Editors: Huston Bros., &lt;Jan. 6-Oct. 31, 1899&gt;.</subfield></datafield><datafield ind1=" " ind2=" " tag="515"><subfield code="a">Issue for Dec. 26, 1898, not published.</subfield></datafield><datafield ind1=" " ind2=" " tag="515"><subfield code="a">Issues for July 3, 1899-&lt;Apr. 21, 1910&gt; called 1st-&lt;12th&gt; year; issues for &lt;Apr. 21, 1910&gt; lack issue no. designation; issues for &lt;Sept. 27, 1910&gt; lack numbering.</subfield></datafield><datafield ind1=" " ind2=" " tag="752"><subfield code="a">United States</subfield><subfield code="b">Iowa</subfield><subfield code="c">Henry</subfield><subfield code="d">Mount Pleasant.</subfield></datafield><datafield ind1="0" ind2=" " tag="775"><subfield code="t">Mount Pleasant journal (Mount Pleasant, Iowa)</subfield><subfield code="w">(DLC)sn 84027243</subfield></datafield><datafield ind1="0" ind2=" " tag="775"><subfield code="t">Morning journal (Mount Pleasant, Iowa)</subfield><subfield code="w">(DLC)sn 86060167</subfield><subfield code="g">&lt;Mar. 9, 1905-June 23, 1906&gt;</subfield></datafield><datafield ind1="1" ind2=" " tag="029"><subfield code="a">AU@</subfield><subfield code="b">000025809409</subfield></datafield></record>